@misc{biteable2021,
    author = {{Biteable}},
    title = {Video Marketing Statistics: The State of Video Marketing in 2021},
    year = {2021},
    url = {https://biteable.com/blog/video-marketing-statistics/},
    note = {Accessed: 2024-06-15}
}

@article{mp3_1994,
  author={Shlien, S.},
  journal={IEEE Transactions on Broadcasting}, 
  title={Guide to MPEG-1 audio standard}, 
  year={1994},
  volume={40},
  number={4},
  pages={206-218},
  keywords={Psychoacoustic models;Transform coding;Humans;Standards development;Digital audio broadcasting;Communication standards;Video compression;Acoustic noise;ISO standards;Digital video broadcasting},
  doi={10.1109/11.362938}}


@article{h264_2006,
  author={Kalva, H.},
  journal={IEEE MultiMedia}, 
  title={The H.264 Video Coding Standard}, 
  year={2006},
  volume={13},
  number={4},
  pages={86-90},
  keywords={Video coding;Video compression;Transform coding;Decoding;Standards publication;Video on demand;Encoding;Bit rate;IEC standards;ISO standards;standards;video coding;H.264;M-Peg-4;intraframe prediction;interframe prediction;IPTV;bit rates;video resolution;next generation;transform coding;entropy coding},
  doi={10.1109/MMUL.2006.93}}

@article{h265_2012,
author={Pourazad, Mahsa T. and Doutre, Colin and Azimi, Maryam and Nasiopoulos, Panos},
journal={IEEE Consumer Electronics Magazine}, 
title={HEVC: The New Gold Standard for Video Compression: How Does HEVC Compare with H.264/AVC?}, 
year={2012},
volume={1},
number={3},
pages={36-46},
keywords={Digital video broadcasting;HDTV;Mobile communication;Standards;Video coding;Research and development;Market opportunities;Performance evaluation;Video compression},
doi={10.1109/MCE.2012.2192754}}



@misc{li2021deep,
      title={Deep Contextual Video Compression}, 
      author={Jiahao Li and Bin Li and Yan Lu},
      year={2021},
      eprint={2109.15047},
      archivePrefix={arXiv},
      primaryClass={id='eess.IV' full_name='Image and Video Processing' is_active=True alt_name=None in_archive='eess' is_general=False description='Theory, algorithms, and architectures for the formation, capture, processing, communication, analysis, and display of images, video, and multidimensional signals in a wide variety of applications. Topics of interest include: mathematical, statistical, and perceptual image and video modeling and representation; linear and nonlinear filtering, de-blurring, enhancement, restoration, and reconstruction from degraded, low-resolution or tomographic data; lossless and lossy compression and coding; segmentation, alignment, and recognition; image rendering, visualization, and printing; computational imaging, including ultrasound, tomographic and magnetic resonance imaging; and image and video analysis, synthesis, storage, search and retrieval.'}
}
@INPROCEEDINGS{Liu_latentvideo,
  author={Liu, Bowen and Chen, Yu and Liu, Shiyu and Kim, Hun-Seok},
  booktitle={2021 IEEE/CVF Conference on Computer Vision and Pattern Recognition (CVPR)}, 
  title={Deep Learning in Latent Space for Video Prediction and Compression}, 
  year={2021},
  volume={},
  number={},
  pages={701-710},
  keywords={Deep learning;Redundancy;Video sequences;Rate-distortion;Transforms;Video compression;Generative adversarial networks},
  doi={10.1109/CVPR46437.2021.00076}
}

@InProceedings{Gomes_2023_CVPR,
    author    = {Gomes, Carlos and Azevedo, Roberto and Schroers, Christopher},
    title     = {Video Compression With Entropy-Constrained Neural Representations},
    booktitle = {Proceedings of the IEEE/CVF Conference on Computer Vision and Pattern Recognition (CVPR)},
    month     = {June},
    year      = {2023},
    pages     = {18497-18506}
}
@misc{li2023neural,
      title={Neural Video Compression with Diverse Contexts}, 
      author={Jiahao Li and Bin Li and Yan Lu},
      year={2023},
      eprint={2302.14402},
      archivePrefix={arXiv},
      primaryClass={id='eess.IV' full_name='Image and Video Processing' is_active=True alt_name=None in_archive='eess' is_general=False description='Theory, algorithms, and architectures for the formation, capture, processing, communication, analysis, and display of images, video, and multidimensional signals in a wide variety of applications. Topics of interest include: mathematical, statistical, and perceptual image and video modeling and representation; linear and nonlinear filtering, de-blurring, enhancement, restoration, and reconstruction from degraded, low-resolution or tomographic data; lossless and lossy compression and coding; segmentation, alignment, and recognition; image rendering, visualization, and printing; computational imaging, including ultrasound, tomographic and magnetic resonance imaging; and image and video analysis, synthesis, storage, search and retrieval.'}
}
@article{paneerselvam_effective,
author = {Panneerselvam, Karthick and Mahesh, K. and Josephine, V and Anandan, Ranjith},
year = {2022},
month = {11},
pages = {1047–1061},
title = {Effective and Efficient Video Compression by the Deep Learning Techniques},
volume = {45},
journal = {Computer Systems Science and Engineering},
doi = {10.32604/csse.2023.030513}
}
@misc{zhang2024boosting,
      title={Boosting Neural Representations for Videos with a Conditional Decoder}, 
      author={Xinjie Zhang and Ren Yang and Dailan He and Xingtong Ge and Tongda Xu and Yan Wang and Hongwei Qin and Jun Zhang},
      year={2024},
      eprint={2402.18152},
      archivePrefix={arXiv},
      primaryClass={id='eess.IV' full_name='Image and Video Processing' is_active=True alt_name=None in_archive='eess' is_general=False description='Theory, algorithms, and architectures for the formation, capture, processing, communication, analysis, and display of images, video, and multidimensional signals in a wide variety of applications. Topics of interest include: mathematical, statistical, and perceptual image and video modeling and representation; linear and nonlinear filtering, de-blurring, enhancement, restoration, and reconstruction from degraded, low-resolution or tomographic data; lossless and lossy compression and coding; segmentation, alignment, and recognition; image rendering, visualization, and printing; computational imaging, including ultrasound, tomographic and magnetic resonance imaging; and image and video analysis, synthesis, storage, search and retrieval.'}
}
@article{Flow_motion_Sangeeta,
author = {Sangeeta, Sangeeta and Gulia, Preeti and Gill, Nasib},
year = {2022},
month = {08},
pages = {},
title = {Flow-MotionNet: A neural network based video compression architecture},
volume = {81},
journal = {Multimedia Tools and Applications},
doi = {10.1007/s11042-022-13480-0}
}
@misc{zhang2024gaussianimage,
      title={GaussianImage: 1000 FPS Image Representation and Compression by 2D Gaussian Splatting}, 
      author={Xinjie Zhang and Xingtong Ge and Tongda Xu and Dailan He and Yan Wang and Hongwei Qin and Guo Lu and Jing Geng and Jun Zhang},
      year={2024},
      eprint={2403.08551},
      archivePrefix={arXiv},
      primaryClass={id='eess.IV' full_name='Image and Video Processing' is_active=True alt_name=None in_archive='eess' is_general=False description='Theory, algorithms, and architectures for the formation, capture, processing, communication, analysis, and display of images, video, and multidimensional signals in a wide variety of applications. Topics of interest include: mathematical, statistical, and perceptual image and video modeling and representation; linear and nonlinear filtering, de-blurring, enhancement, restoration, and reconstruction from degraded, low-resolution or tomographic data; lossless and lossy compression and coding; segmentation, alignment, and recognition; image rendering, visualization, and printing; computational imaging, including ultrasound, tomographic and magnetic resonance imaging; and image and video analysis, synthesis, storage, search and retrieval.'}
}
@misc{chen2021nerv,
      title={NeRV: Neural Representations for Videos}, 
      author={Hao Chen and Bo He and Hanyu Wang and Yixuan Ren and Ser-Nam Lim and Abhinav Shrivastava},
      year={2021},
      eprint={2110.13903},
      archivePrefix={arXiv},
      primaryClass={id='cs.CV' full_name='Computer Vision and Pattern Recognition' is_active=True alt_name=None in_archive='cs' is_general=False description='Covers image processing, computer vision, pattern recognition, and scene understanding. Roughly includes material in ACM Subject Classes I.2.10, I.4, and I.5.'}
}

@misc{lanzendörfer2023siamese,
      title={Siamese SIREN: Audio Compression with Implicit Neural Representations}, 
      author={Luca A. Lanzendörfer and Roger Wattenhofer},
      year={2023},
      eprint={2306.12957},
      archivePrefix={arXiv},
      primaryClass={id='cs.SD' full_name='Sound' is_active=True alt_name=None in_archive='cs' is_general=False description='Covers all aspects of computing with sound, and sound as an information channel. Includes models of sound, analysis and synthesis, audio user interfaces, sonification of data, computer music, and sound signal processing. Includes ACM Subject Class H.5.5, and intersects with H.1.2, H.5.1, H.5.2, I.2.7, I.5.4, I.6.3, J.5, K.4.2.'}
}

@misc{sitzmann2020implicit,
      title={Implicit Neural Representations with Periodic Activation Functions}, 
      author={Vincent Sitzmann and Julien N. P. Martel and Alexander W. Bergman and David B. Lindell and Gordon Wetzstein},
      year={2020},
      eprint={2006.09661},
      archivePrefix={arXiv},
      primaryClass={id='cs.CV' full_name='Computer Vision and Pattern Recognition' is_active=True alt_name=None in_archive='cs' is_general=False description='Covers image processing, computer vision, pattern recognition, and scene understanding. Roughly includes material in ACM Subject Classes I.2.10, I.4, and I.5.'}}

@misc{pytorchQuantizationx2014,
	author = {},
	title = {Quantization --- PyTorch 2.5 documentation},
	howpublished = {\url{https://pytorch.org/docs/stable/quantization.html}},
	year = {},
	note = {[Accessed 15-10-2024]},
}

@article{DBLP:journals/tvcg/HanZB24,
  author={Jun Han and Hao Zheng and Chongke Bi},
  title={KD-INR: Time-Varying Volumetric Data Compression via Knowledge Distillation-Based Implicit Neural Representation},
  year={2024},
  month={October},
  cdate={1727740800000},
  journal={IEEE Trans. Vis. Comput. Graph.},
  volume={30},
  number={10},
  pages={6826-6838},
  url={https://doi.org/10.1109/TVCG.2023.3345373}
}


@INPROCEEDINGS{NeRVA-2024,
  author={Choudhury, Anustup and Singh, Praneet and Su, Guan-Ming},
  booktitle={2024 IEEE International Conference on Multimedia and Expo (ICME)}, 
  title={NeRVA: Joint Implicit Neural Representations for Videos and Audios}, 
  year={2024},
  volume={},
  number={},
  pages={1-6},
  keywords={Neural networks;Streaming media;Implicit representation;Neural video audio representation;Neural audio representation;Neural field},
  doi={10.1109/ICME57554.2024.10687669}
}
